




@article{NelsonPollenRecord,
  title={{A postglacial pollen record from western Kodiak Island, Alaska}},
  author={Nelson, Robert E and Jordan, Richard H},
  journal={Arctic},
  pages={59--63},
  year={1988},
  publisher={JSTOR}
}

@book{hildreth2012novarupta,
  title={The Novarupta-Katmai Eruption of 1912: Largest Eruption of the Twentieth Century: Centennial Perspectives},
  author={Hildreth, Wes and Fierstein, Judy},
  number={1791},
  year={2012},
  publisher={Geological Survey (USGS)}
}

@article{ChalonerMarineNitrogen,
author = {Dominic T Chaloner and Kristine M Martin and Mark S Wipfli and Peggy H Ostrom and Gary A Lamberti},
title = {Marine carbon and nitrogen in southeastern Alaska stream food webs: evidence from artificial and natural streams},
journal = {Canadian Journal of Fisheries and Aquatic Sciences},
volume = {59},
number = {8},
pages = {1257-1265},
year = {2002},
doi = {10.1139/f02-084},
URL = {
        https://doi.org/10.1139/f02-084
        },
eprint = {https://doi.org/10.1139/f02-084}

}

@Article{Naiman2002,
author="Naiman, Robert J.
and Bilby, Robert E.
and Schindler, Daniel E.
and Helfield, James M.",
title="Pacific Salmon, Nutrients, and the Dynamics of Freshwater and Riparian Ecosystems",
journal="Ecosystems",
year="2002",
month="Jun",
day="01",
volume="5",
number="4",
pages="399--417",
issn="1432-9840",
doi="10.1007/s10021-001-0083-3",
url="https://doi.org/10.1007/s10021-001-0083-3"
}
